<?xml version="1.0"?>
<collection xmlns="http://www.loc.gov/MARC21/slim">
  <record>
    <header status="">
      <identifier/>
    </header>
    <leader>02262nam a2200457   4500</leader>
    <controlfield tag="005">20240726042018.0</controlfield>
    <controlfield tag="006">m|||||o||c||||||||</controlfield>
    <controlfield tag="007">cr |n||||||||a</controlfield>
    <controlfield tag="007">vz |za|z|</controlfield>
    <controlfield tag="008">141120s2002    nyu002 e     |o   vleng d</controlfield>
    <controlfield tag="001">990095044710108501</controlfield>
    <datafield tag="035" ind1=" " ind2=" ">
      <subfield code="a">(NcD)009504471DUK01</subfield>
    </datafield>
    <datafield tag="035" ind1=" " ind2=" ">
      <subfield code="a">(OCoLC)900743389</subfield>
    </datafield>
    <datafield tag="040" ind1=" " ind2=" ">
      <subfield code="a">VaAlASP</subfield>
      <subfield code="b">eng</subfield>
      <subfield code="c">VaAlASP</subfield>
    </datafield>
    <datafield tag="245" ind1="0" ind2="0">
      <subfield code="a">Melvin Goldman lecture :</subfield>
      <subfield code="b">venture capital and entrepreneurship in the international arena.</subfield>
      <subfield code="p">VC landscape in Korea and Israel /</subfield>
      <subfield code="c">produced by Prendismo.</subfield>
    </datafield>
    <datafield tag="246" ind1="1" ind2="0">
      <subfield code="a">Venture capital landscape in Korea and Israel</subfield>
    </datafield>
    <datafield tag="246" ind1="1" ind2="3">
      <subfield code="a">Melvin Goldman discusses venture capital landscape in Korea and Israel</subfield>
    </datafield>
    <datafield tag="260" ind1=" " ind2=" ">
      <subfield code="a">Ithaca, NY :</subfield>
      <subfield code="b">Prendismo,</subfield>
      <subfield code="c">2002.</subfield>
    </datafield>
    <datafield tag="300" ind1=" " ind2=" ">
      <subfield code="a">1 online resource (2 min.)</subfield>
    </datafield>
    <datafield tag="306" ind1=" " ind2=" ">
      <subfield code="a">000158</subfield>
    </datafield>
    <datafield tag="336" ind1=" " ind2=" ">
      <subfield code="a">two-dimensional moving image</subfield>
      <subfield code="b">tdi</subfield>
      <subfield code="2">rdacontent</subfield>
    </datafield>
    <datafield tag="337" ind1=" " ind2=" ">
      <subfield code="a">computer</subfield>
      <subfield code="b">c</subfield>
      <subfield code="2">rdamedia</subfield>
    </datafield>
    <datafield tag="338" ind1=" " ind2=" ">
      <subfield code="a">online resource</subfield>
      <subfield code="b">cr</subfield>
      <subfield code="2">rdacarrier</subfield>
    </datafield>
    <datafield tag="347" ind1=" " ind2=" ">
      <subfield code="a">text file</subfield>
      <subfield code="2">rdaft</subfield>
      <subfield code="0">http://rdaregistry.info/termList/fileType/1002</subfield>
    </datafield>
    <datafield tag="490" ind1="0" ind2=" ">
      <subfield code="a">International business online (video)</subfield>
    </datafield>
    <datafield tag="500" ind1=" " ind2=" ">
      <subfield code="a">Title from resource description page (viewed December 15, 2014).</subfield>
    </datafield>
    <datafield tag="520" ind1=" " ind2=" ">
      <subfield code="a">This reference video, produced by Prendismo, features Melvin Goldman discussing the venture capital landscape in Korea and Israel.</subfield>
    </datafield>
    <datafield tag="546" ind1=" " ind2=" ">
      <subfield code="a">In English.</subfield>
    </datafield>
    <datafield tag="650" ind1=" " ind2="0">
      <subfield code="a">Venture capital</subfield>
      <subfield code="0">https://id.loc.gov/authorities/subjects/sh85142760</subfield>
      <subfield code="z">Korea.</subfield>
      <subfield code="0">https://id.loc.gov/authorities/names/n79109033-781</subfield>
    </datafield>
    <datafield tag="650" ind1=" " ind2="0">
      <subfield code="a">Venture capital</subfield>
      <subfield code="0">https://id.loc.gov/authorities/subjects/sh85142760</subfield>
      <subfield code="z">Israel.</subfield>
      <subfield code="0">https://id.loc.gov/authorities/names/n79003285-781</subfield>
    </datafield>
    <datafield tag="655" ind1=" " ind2="7">
      <subfield code="a">Internet videos.</subfield>
      <subfield code="2">lcgft</subfield>
      <subfield code="0">https://id.loc.gov/authorities/genreForms/gf2011026337</subfield>
    </datafield>
    <datafield tag="655" ind1=" " ind2="7">
      <subfield code="a">Lectures.</subfield>
      <subfield code="2">lcgft</subfield>
      <subfield code="0">https://id.loc.gov/authorities/genreForms/gf2014026122</subfield>
    </datafield>
    <datafield tag="700" ind1="1" ind2=" ">
      <subfield code="a">Goldman, Melvin,</subfield>
      <subfield code="0">https://id.loc.gov/authorities/names/n88220785</subfield>
      <subfield code="e">speaker.</subfield>
    </datafield>
    <datafield tag="710" ind1="2" ind2=" ">
      <subfield code="a">Prendismo (Firm),</subfield>
      <subfield code="e">producer.</subfield>
    </datafield>
    <datafield tag="856" ind1="4" ind2="0">
      <subfield code="y">get it@Duke</subfield>
      <subfield code="u">https://login.proxy.lib.duke.edu/login?url=http://www.aspresolver.com/aspresolver.asp?IBUS;2688757</subfield>
    </datafield>
    <datafield tag="944" ind1=" " ind2=" ">
      <subfield code="a">ASP2688757/ibus</subfield>
      <subfield code="b">VaAlASP</subfield>
      <subfield code="c">22445</subfield>
      <subfield code="t">biblio</subfield>
    </datafield>
  </record>
</collection>
